% KORV
@article{krusell2000capital,
  title={Capital-skill complementarity and inequality: A macroeconomic analysis},
  author={Krusell, Per and Ohanian, Lee E and R{\'\i}os-Rull, Jos{\'e}-V{\'\i}ctor and Violante, Giovanni L},
  journal={Econometrica},
  volume={68},
  number={5},
  pages={1029--1053},
  year={2000},
  publisher={Wiley Online Library}
}

%  KORV revisited
@techreport{ohanian2021revisiting,
  title={Revisiting capital-skill complementarity, inequality, and labor share},
  author={Ohanian, Lee E and Orak, Musa and Shen, Shihan},
  year={2021},
  institution={National Bureau of Economic Research}
}

@inproceedings{acemoglu2020unpacking,
  title={Unpacking skill bias: Automation and new tasks},
  author={Acemoglu, Daron and Restrepo, Pascual},
  booktitle={aea Papers and Proceedings},
  volume={110},
  pages={356--61},
  year={2020}
}

% CPS DATA IPUMS
@article{flood2015integrated,
  title={Integrated public use microdata series},
  author={Flood, Sarah and King, Miriam and Ruggles, Steven and Warren, J Robert},
  journal={Current Population Survey: Version},
  volume={4},
  year={2015}
}

